@online{adobe2017voco,
        author={Adobe},
        title={Adobe VoCo},
        year=2017,
        url={http://www.vocobeta.com/},
        urldate={2017-05-15}
        }
@inproceedings{carlini2016hidden,
  title={Hidden voice commands},
  author={Carlini, Nicholas and Mishra, Pratyush and Vaidya, Tavish and Zhang, Yuankai and Sherr, Micah and Shields, Clay and Wagner, David and Zhou, Wenchao},
  booktitle={25th USENIX Security Symposium (USENIX Security 16), Austin, TX},
  year={2016}
}
@article{ledig2016photo,
  title={Photo-realistic single image super-resolution using a generative adversarial network},
  author={Ledig, Christian and Theis, Lucas and Husz{\'a}r, Ferenc and Caballero, Jose and Cunningham, Andrew and Acosta, Alejandro and Aitken, Andrew and Tejani, Alykhan and Totz, Johannes and Wang, Zehan and others},
  journal={arXiv preprint arXiv:1609.04802},
  year={2016}
}
@inproceedings{lukic2016speaker,
  title={Speaker identification and clustering using convolutional neural networks},
  author={Lukic, Yanick and Vogt, Carlo and D{\"u}rr, Oliver and Stadelmann, Thilo},
  booktitle={Machine Learning for Signal Processing (MLSP), 2016 IEEE 26th International Workshop on},
  pages={1--6},
  year={2016},
  organization={IEEE}
}
@inproceedings{krizhevsky2012imagenet,
  title={Imagenet classification with deep convolutional neural networks},
  author={Krizhevsky, Alex and Sutskever, Ilya and Hinton, Geoffrey E},
  booktitle={Advances in neural information processing systems},
  pages={1097--1105},
  year={2012}
}
@inproceedings{mcfee2015librosa,
  title={librosa: Audio and music signal analysis in python},
  author={McFee, Brian and Raffel, Colin and Liang, Dawen and Ellis, Daniel PW and McVicar, Matt and Battenberg, Eric and Nieto, Oriol},
  booktitle={Proceedings of the 14th python in science conference},
  year={2015}
}
@article{mirza2014conditional,
  title={Conditional generative adversarial nets},
  author={Mirza, Mehdi and Osindero, Simon},
  journal={arXiv preprint arXiv:1411.1784},
  year={2014}
}
@article{van2016wavenet,
  title={Wavenet: A generative model for raw audio},
  author={van den Oord, A{\"a}ron and Dieleman, Sander and Zen, Heiga and Simonyan, Karen and Vinyals, Oriol and Graves, Alex and Kalchbrenner, Nal and Senior, Andrew and Kavukcuoglu, Koray},
  journal={CoRR abs/1609.03499},
  year={2016}
}
@article{wang2017tacotron,
  title={Tacotron: A Fully End-to-End Text-To-Speech Synthesis Model},
  author={Wang, Yuxuan and Skerry-Ryan, RJ and Stanton, Daisy and Wu, Yonghui and Weiss, Ron J and Jaitly, Navdeep and Yang, Zongheng and Xiao, Ying and Chen, Zhifeng and Bengio, Samy and others},
  journal={arXiv preprint arXiv:1703.10135},
  year={2017}
}
@article{arik2017deep,
  title={Deep Voice: Real-time neural text-to-speech},
  author={Arik, Sercan O and Chrzanowski, Mike and Coates, Adam and Diamos, Gregory and Gibiansky, Andrew and Kang, Yongguo and Li, Xian and Miller, John and Raiman, Jonathan and Sengupta, Shubho and others},
  journal={arXiv preprint arXiv:1702.07825},
  year={2017}
}
@article{mehri2016samplernn,
  title={SampleRNN: An Unconditional End-to-End Neural Audio Generation Model},
  author={Mehri, Soroush and Kumar, Kundan and Gulrajani, Ishaan and Kumar, Rithesh and Jain, Shubham and Sotelo, Jose and Courville, Aaron and Bengio, Yoshua},
  journal={arXiv preprint arXiv:1612.07837},
  year={2016}
}
@inproceedings{prahallad2013blizzard,
  title={The blizzard challenge 2013--indian language task},
  author={Prahallad, Kishore and Vadapalli, Anandaswarup and Elluru, Naresh and Mantena, G and Pulugundla, B and Bhaskararao, P and Murthy, HA and King, S and Karaiskos, V and Black, AW},
  booktitle={Blizzard Challenge Workshop},
  volume={2013},
  year={2013}
}
@inproceedings{goodfellow2014generative,
  title={Generative adversarial nets},
  author={Goodfellow, Ian and Pouget-Abadie, Jean and Mirza, Mehdi and Xu, Bing and Warde-Farley, David and Ozair, Sherjil and Courville, Aaron and Bengio, Yoshua},
  booktitle={Advances in neural information processing systems},
  pages={2672--2680},
  year={2014}
}
@article{goodfellow2014explaining,
  title={Explaining and harnessing adversarial examples},
  author={Goodfellow, Ian J and Shlens, Jonathon and Szegedy, Christian},
  journal={arXiv preprint arXiv:1412.6572},
  year={2014}
}
@article{arjovsky2017wasserstein,
  title={Wasserstein gan},
  author={Arjovsky, Martin and Chintala, Soumith and Bottou, L{\'e}on},
  journal={arXiv preprint arXiv:1701.07875},
  year={2017}
}
@article{gulrajani2017improved,
  title={Improved Training of Wasserstein GANs},
  author={Gulrajani, Ishaan and Ahmed, Faruk and Arjovsky, Martin and Dumoulin, Vincent and Courville, Aaron},
  journal={arXiv preprint arXiv:1704.00028},
  year={2017}
}
@article{radford2015unsupervised,
  title={Unsupervised representation learning with deep convolutional generative adversarial networks},
  author={Radford, Alec and Metz, Luke and Chintala, Soumith},
  journal={arXiv preprint arXiv:1511.06434},
  year={2015}
}
@inproceedings{sharif2016accessorize,
  title={Accessorize to a crime: Real and stealthy attacks on state-of-the-art face recognition},
  author={Sharif, Mahmood and Bhagavatula, Sruti and Bauer, Lujo and Reiter, Michael K},
  booktitle={Proceedings of the 2016 ACM SIGSAC Conference on Computer and Communications Security},
  pages={1528--1540},
  year={2016},
  organization={ACM}
}
@article{szegedy2013intriguing,
  title={Intriguing properties of neural networks},
  author={Szegedy, Christian and Zaremba, Wojciech and Sutskever, Ilya and Bruna, Joan and Erhan, Dumitru and Goodfellow, Ian and Fergus, Rob},
  journal={arXiv preprint arXiv:1312.6199},
  year={2013}
}
@article{wu2015spoofing,
  title={Spoofing and countermeasures for speaker verification: a survey},
  author={Wu, Zhizheng and Evans, Nicholas and Kinnunen, Tomi and Yamagishi, Junichi and Alegre, Federico and Li, Haizhou},
  journal={Speech Communication},
  volume={66},
  pages={130--153},
  year={2015},
  publisher={Elsevier}
}
@inproceedings{zeidan2014webrtc,
  title={WebRTC enabled multimedia conferencing and collaboration solution},
  author={Zeidan, Adham and Lehmann, Armin and Trick, Ulrich},
  booktitle={WTC 2014; World Telecommunications Congress 2014; Proceedings of},
  pages={1--6},
  year={2014},
  organization={VDE}
}
@article{pascual2017segan,
  title={SEGAN: Speech Enhancement Generative Adversarial Network},
  author={Pascual, Santiago and Bonafonte, Antonio and Serr{\`a}, Joan},
  journal={arXiv preprint arXiv:1703.09452},
  year={2017}
}
@article{chang2017learning,
  title={Learning Representations of Emotional Speech with Deep Convolutional Generative Adversarial Networks},
  author={Chang, Jonathan and Scherer, Stefan},
  journal={arXiv preprint arXiv:1705.02394},
  year={2017}
}
@article{kingma2014adam,
  title={Adam: A method for stochastic optimization},
  author={Kingma, Diederik and Ba, Jimmy},
  journal={arXiv preprint arXiv:1412.6980},
  year={2014}
}
@article{seshia2016towards,
  title={Towards verified artificial intelligence},
  author={Seshia, Sanjit A and Sadigh, Dorsa and Sastry, S Shankar},
  journal={arXiv preprint arXiv:1606.08514},
  year={2016}
}